@Article{         numpy,
 title         = {Array programming with {NumPy}},
 author        = {Charles R. Harris and K. Jarrod Millman and St{'{e}}fan J.
                 van der Walt and Ralf Gommers and Pauli Virtanen and David
                 Cournapeau and Eric Wieser and Julian Taylor and Sebastian
                 Berg and Nathaniel J. Smith and Robert Kern and Matti Picus
                 and Stephan Hoyer and Marten H. van Kerkwijk and Matthew
                 Brett and Allan Haldane and Jaime Fern{'{a}}ndez del
                 R{'{\i}}o and Mark Wiebe and Pearu Peterson and Pierre
                 G{'{e}}rard-Marchant and Kevin Sheppard and Tyler Reddy and
                 Warren Weckesser and Hameer Abbasi and Christoph Gohlke and
                 Travis E. Oliphant},
 year          = {2020},
 month         = sep,
 journal       = {Nature},
 volume        = {585},
 number        = {7825},
 pages         = {357--362},
 doi           = {10.1038/s41586-020-2649-2},
 publisher     = {Springer Science and Business Media {LLC}},
 url           = {https://doi.org/10.1038/s41586-020-2649-2}
}


@software{pandas,
    author       = {The pandas development team},
    title        = {pandas-dev/pandas: Pandas},
    month        = feb,
    year         = 2020,
    publisher    = {Zenodo},
    version      = {latest},
    doi          = {10.5281/zenodo.3509134},
    url          = {https://doi.org/10.5281/zenodo.3509134}
}
@InProceedings{ mckinney-proc-scipy-2010,
  author    = { {W}es {M}c{K}inney },
  title     = { {D}ata {S}tructures for {S}tatistical {C}omputing in {P}ython },
  booktitle = { {P}roceedings of the 9th {P}ython in {S}cience {C}onference },
  pages     = { 56 - 61 },
  year      = { 2010 },
  editor    = { {S}t\'efan van der {W}alt and {J}arrod {M}illman },
  doi       = { 10.25080/Majora-92bf1922-00a }
}


@Article{matplotlib,
  Author    = {Hunter, J. D.},
  Title     = {Matplotlib: A 2D graphics environment},
  Journal   = {Computing in Science \& Engineering},
  Volume    = {9},
  Number    = {3},
  Pages     = {90--95},
  abstract  = {Matplotlib is a 2D graphics package used for Python for
  application development, interactive scripting, and publication-quality
  image generation across user interfaces and operating systems.},
  publisher = {IEEE COMPUTER SOC},
  doi       = {10.1109/MCSE.2007.55},
  year      = 2007
}

@article{seaborn,
    doi = {10.21105/joss.03021},
    url = {https://doi.org/10.21105/joss.03021},
    year = {2021},
    publisher = {The Open Journal},
    volume = {6},
    number = {60},
    pages = {3021},
    author = {Michael L. Waskom},
    title = {seaborn: statistical data visualization},
    journal = {Journal of Open Source Software}
 }

@article{sklearn,
  title={Scikit-learn: Machine Learning in {P}ython},
  author={Pedregosa, F. and Varoquaux, G. and Gramfort, A. and Michel, V.
          and Thirion, B. and Grisel, O. and Blondel, M. and Prettenhofer, P.
          and Weiss, R. and Dubourg, V. and Vanderplas, J. and Passos, A. and
          Cournapeau, D. and Brucher, M. and Perrot, M. and Duchesnay, E.},
  journal={Journal of Machine Learning Research},
  volume={12},
  pages={2825--2830},
  year={2011}
}
@inproceedings{sklearn_api,
  author    = {Lars Buitinck and Gilles Louppe and Mathieu Blondel and
                Fabian Pedregosa and Andreas Mueller and Olivier Grisel and
                Vlad Niculae and Peter Prettenhofer and Alexandre Gramfort
                and Jaques Grobler and Robert Layton and Jake VanderPlas and
                Arnaud Joly and Brian Holt and Ga{\"{e}}l Varoquaux},
  title     = {{API} design for machine learning software: experiences from the scikit-learn
                project},
  booktitle = {ECML PKDD Workshop: Languages for Data Mining and Machine Learning},
  year      = {2013},
  pages = {108--122},
}

@article{maciel2015analise,
  title={An{\'a}lise da inadimpl{\^e}ncia em uma institui{\c{c}}{\~a}o financeira na regi{\~a}o metropolitana de Fortaleza},
  author={Maciel, Harine Matos and Maciel, Wlisses Matos},
  journal={Essentia-Revista de Cultura, Ci{\^e}ncia e Tecnologia da UVA},
  volume={16},
  number={2},
  year={2015}
}

@article{morettin2021estatistica,
  title={Estatística e Ciência de Dados},
  author={Morettin, Pedro A and Singer, Julio M},
  journal={Texto Preliminar, IME-USP},
  year={2021}
}

@incollection{bussab2010estatistica,
  title={Estat{\'\i}stica b{\'a}sica},
  author={Bussab, Wilton de O. and Morettin, Pedro A.},
  booktitle={Estat{\'\i}stica b{\'a}sica},
  year={2010}
}

@article{monard2003conceitos,
  title={Conceitos sobre aprendizado de máquina},
  author={Monard, Maria Carolina and Baranauskas, José Augusto},
  journal={Sistemas inteligentes-Fundamentos e aplicações},
  year={2003}
}

@book{izbicki2020aprendizado,
  title={Aprendizado de m{\'a}quina: uma abordagem estat{\'\i}stica},
  author={Izbicki, Rafael and dos Santos, Tiago Mendon{\c{c}}a},
  year={2020},
  publisher={Rafael Izbicki}
}

@Manual{python-random,
    title = {random -- Generate pseudo-random numbers},
    author = {{Python Software Foundation}},
    organization = {Python Software Foundation},
    year = {2022},
    url = {https://docs.python.org/3/library/random.html},
}

@Manual{python-itertools,
    title = {itertools -- Functions creating iterators for efficient looping},
    author = {{Python Software Foundation}},
    organization = {Python Software Foundation},
    year = {2022},
    url = {\url{https://docs.python.org/3/library/itertools.html}},
}

@Manual{python-warnings,
    title = {warnings -- Warning control},
    author = {{Python Software Foundation}},
    organization = {Python Software Foundation},
    year = {2022},
    url = {https://docs.python.org/3/library/warnings.html}
}

@Manual{random42,
    title={The Story Behind Random State 42},
    author={{Kriti Biswas}},
    year = {2021},
    url = {https://www.linkedin.com/pulse/story-behind-random-state-42-kriti-biswas/}
}

@Manual{metricas,
    title={{Métricas de Avaliação em Machine Learning: Classificação}},
    author={Kunumi},
    organization = {Kunami Blog},
    year = {2020},
    url = {https://medium.com/kunumi/m%C3%A9tricas-de-avalia%C3%A7%C3%A3o-em-machine-learning-classifica%C3%A7%C3%A3o-49340dcdb198}
}
